Unit,Date,Days,Period,Advertising,Cost of Sales - Food,Cost of Sales - Paper,Crew Labor,Maintenance & Repair,Management Labor,Other Controllables,Other Labor-related Costs,Other Non-controllables,Outside Services,Promotion,Rent,Sales,Utilities,Average daily Period,Average daily Advertising,Average daily Cost of Sales - Food,Average daily Cost of Sales - Paper,Average daily Crew Labor,Average daily Maintenance & Repair,Average daily Management Labor,Average daily Other Controllables,Average daily Other Labor-related Costs,Average daily Other Non-controllables,Average daily Outside Services,Average daily Promotion,Average daily Utilities,Total Cost of Sales,Gross Profit,Total Labor,Total Prime Costs,Total Controllable Costs,Controllable Profit,Total Non-controllable Costs,Store EBITDA,Adjusted daily Rent,Average Daily Cost
00040302CD88,2021-04-30,30,1,3778,20557,2190,486,5135,3983,3167,3429,7879,8462,401,-610,89952,5690,0.03,125.93,685.23,73.0,16.2,171.17,132.77,105.57,114.3,262.63,282.07,13.37,189.67,22747,67205,7898,30645,34531,32674,22747,9927,15.003333333333332,2060.983333333333
00040302CD88,2021-05-31,31,2,3805,20876,2058,1376,1553,4255,3899,3699,7918,5329,445,-178,90594,4917,0.06,122.74,673.42,66.39,44.39,50.1,137.26,125.77,119.32,255.42,171.9,14.35,158.61,22934,67660,9330,32264,29278,38382,22934,15448,15.003333333333332,1831.9333333333332
00040302CD88,2021-06-30,30,3,3440,19531,2291,178,2321,4241,3646,3614,7471,5062,553,-527,81909,4692,0.1,114.67,651.03,76.37,5.93,77.37,141.37,121.53,120.47,249.03,168.73,18.43,156.4,21822,60087,8033,29855,27747,32340,21822,10518,15.003333333333332,1801.6633333333334
00040302CD88,2021-07-31,31,4,3672,20999,2056,36597,3412,5515,2581,6944,7537,5967,874,-353,87418,5699,0.13,118.45,677.39,66.32,1180.55,110.06,177.9,83.26,224.0,243.13,192.48,28.19,183.84,23055,64363,49056,72111,71261,-6898,23055,-29953,15.003333333333332,3182.1233333333334
00040302CD88,2021-08-31,31,5,3827,21357,2312,29942,3345,5484,3772,7109,6385,5727,635,-167,91109,5109,0.16,123.45,688.94,74.58,965.87,107.9,176.9,121.68,229.32,205.97,184.74,20.48,164.81,23669,67440,42535,66204,64950,2490,23669,-21179,15.003333333333332,2956.193333333333
00040302CD88,2021-09-30,30,6,3953,26257,3913,29863,5861,5416,2604,6709,7746,5692,409,-291,94117,5120,0.2,131.77,875.23,130.43,995.43,195.37,180.53,86.8,223.63,258.2,189.73,13.63,170.67,30170,63947,41988,72158,65627,-1680,30170,-31850,15.003333333333332,3334.6533333333336
00040302CD88,2021-10-31,31,7,4275,25724,2832,31574,1379,4927,2496,6872,7505,11167,1212,-65,101795,4974,0.23,137.9,829.81,91.35,1018.52,44.48,158.94,80.52,221.68,242.1,360.23,39.1,160.45,28556,73239,43373,71929,68876,4363,28556,-24193,15.003333333333332,3262.183333333333
00040302CD88,2021-11-30,30,8,3864,23801,2578,27787,2599,5218,3221,6139,7393,5223,482,-261,92009,6052,0.27,128.8,793.37,85.93,926.23,86.63,173.93,107.37,204.63,246.43,174.1,16.07,201.73,26379,65630,39144,65523,60585,5045,26379,-21334,15.003333333333332,3031.4233333333336
00040302CD88,2021-12-31,31,9,4082,23452,2686,31487,1611,5048,5273,6353,7816,3946,-303,-235,97194,5937,0.29,131.68,756.52,86.65,1015.71,51.97,162.84,170.1,204.94,252.13,127.29,-9.77,191.52,26138,71056,42888,69026,63434,7622,26138,-18516,15.003333333333332,3024.903333333333
00040302CD88,2022-01-31,31,10,4268,27442,3181,29127,976,5197,2043,6682,8634,8287,534,-69,101624,6367,0.32,137.68,885.23,102.61,939.58,31.48,167.65,65.9,215.55,278.52,267.32,17.23,205.39,30623,71001,41006,71629,63481,7520,30623,-23103,15.003333333333332,3191.4633333333336
00040302CD88,2022-02-28,28,11,4660,27522,3622,29085,3389,5498,3086,6546,9681,7745,540,118,110940,5841,0.39,166.43,982.93,129.36,1038.75,121.04,196.36,110.21,233.79,345.75,276.61,19.29,208.61,31144,79796,41129,72273,66390,13406,31144,-17738,15.003333333333332,3677.7033333333334
00040302CD88,2022-03-31,31,12,5187,33077,3832,33993,5643,3970,2940,6696,10383,7752,831,276,123505,6813,0.39,167.32,1067.0,123.61,1096.55,182.03,128.06,94.84,216.0,334.94,250.06,26.81,219.77,36909,86596,44659,81568,73825,12771,36909,-24138,15.003333333333332,3754.673333333333
00040302CD88,2022-04-30,30,13,4956,28697,3576,35117,2315,3620,2910,7430,9203,7530,-114,-1673,118004,6359,0.43,165.2,956.57,119.2,1170.57,77.17,120.67,97.0,247.67,306.77,251.0,-3.8,211.97,32273,85731,46167,78440,70123,15608,32273,-16665,15.003333333333332,3569.793333333333
00040302CD88,2022-05-31,31,14,4731,29359,3301,33509,2953,3639,4568,6857,9261,8996,599,-5668,112641,2858,0.45,152.61,947.06,106.48,1080.94,95.26,117.39,147.35,221.19,298.74,290.19,19.32,92.19,32660,79981,44005,76665,68710,11271,32660,-21389,15.003333333333332,3431.1133333333337
00040302CD88,2022-06-30,30,15,4917,32447,3574,33311,4553,3972,1758,6909,9344,8666,359,-3733,117077,4886,0.5,163.9,1081.57,119.13,1110.37,151.77,132.4,58.6,230.3,311.47,288.87,11.97,162.87,36021,81056,44192,80213,69331,11725,36021,-24296,15.003333333333332,3674.323333333333
00040302CD88,2022-07-31,31,16,5090,34048,3103,35666,1690,3252,2211,7143,8899,7178,307,-14050,121183,3962,0.52,164.19,1098.32,100.1,1150.52,54.52,104.9,71.32,230.42,287.06,231.55,9.9,127.81,37151,84032,46061,83212,66499,17533,37151,-19618,15.003333333333332,3481.4233333333336
00040302CD88,2022-08-31,31,17,4831,35234,4542,36365,6745,4301,1998,7810,10562,6959,962,989,115029,8265,0.55,155.84,1136.58,146.52,1173.06,217.58,138.74,64.45,251.94,340.71,224.48,31.03,266.61,39776,75253,48476,88252,78236,-2983,39776,-42759,15.003333333333332,4006.703333333334
00040302CD88,2022-09-30,30,18,5452,38022,4359,33280,1835,3766,2607,6475,12265,7434,374,-4776,129809,6633,0.6,181.73,1267.4,145.3,1109.33,61.17,125.53,86.9,215.83,408.83,247.8,12.47,221.1,42381,87428,43521,85902,67856,19572,42381,-22809,15.003333333333332,3916.6633333333334
00040302CD88,2022-10-31,31,19,5740,38716,3867,35102,2358,4218,1732,7129,12439,8820,489,-4614,136668,2419,0.61,185.16,1248.9,124.74,1132.32,76.06,136.06,55.87,229.97,401.26,284.52,15.77,78.03,42583,94085,46449,89032,68007,26078,42583,-16505,15.003333333333332,3798.503333333334
00040302CD88,2022-11-30,30,20,5417,37337,4409,33155,5727,3292,2084,7005,9820,7520,637,-4691,128988,5324,0.67,180.57,1244.57,146.97,1105.17,190.9,109.73,69.47,233.5,327.33,250.67,21.23,177.47,41746,87242,43452,85198,70161,17081,41746,-24665,15.003333333333332,3892.013333333334
00040302CD88,2022-12-31,31,21,3384,39325,5077,38354,2782,3210,5325,6649,12107,9601,843,-4587,139440,6572,0.68,109.16,1268.55,163.77,1237.23,89.74,103.55,171.77,214.48,390.55,309.71,27.19,212.0,44402,95038,48213,92615,76720,18318,44402,-26084,15.003333333333332,4203.543333333333
00040302CD88,2023-01-31,31,22,5287,37534,3907,34158,3989,3881,2572,6607,11582,8059,614,-4824,125878,7411,0.71,170.55,1210.77,126.03,1101.87,128.68,125.19,82.97,213.13,373.61,259.97,19.81,239.06,41441,84437,44646,86087,72578,11859,41441,-29582,15.003333333333332,3896.0933333333337
00040302CD88,2023-02-28,28,23,5106,36857,4128,33044,3239,4405,2697,6408,11133,7570,193,-4765,121580,1840,0.82,182.36,1316.32,147.43,1180.14,115.68,157.32,96.32,228.86,397.61,270.36,6.89,65.71,40985,80595,43857,84842,64502,16093,40985,-24892,15.003333333333332,3997.643333333334
00040302CD88,2023-03-31,31,24,6019,42455,4747,38835,3224,4898,2482,7660,12649,9772,464,-4534,143320,7895,0.77,194.16,1369.52,153.13,1252.74,104.0,158.0,80.06,247.1,408.03,315.23,14.97,254.68,47202,96118,51393,98595,81249,14869,47202,-32333,15.003333333333332,4372.463333333334
00040302CE36,2021-04-30,30,1,8569,43201,4763,45933,4177,4298,3268,9598,14791,8261,585,22699,204016,5186,0.03,285.63,1440.03,158.77,1531.1,139.23,143.27,108.93,319.93,493.03,275.37,19.5,172.87,47964,156052,59829,107793,89875,66177,47964,18213,861.6716666666667,5663.701666666667
00040302CE36,2021-05-31,31,2,9936,50305,5051,51594,3777,4087,6131,10358,16473,7683,659,28618,236567,5890,0.06,320.52,1622.74,162.94,1664.32,121.84,131.84,197.77,334.13,531.39,247.84,21.26,190.0,55356,181211,66039,121395,100115,81096,55356,25740,861.6716666666667,6087.741666666668
00040302CE36,2021-06-30,30,3,9957,48408,5833,54483,2163,4362,3113,10771,16506,9486,-202,28383,237080,5542,0.1,331.9,1613.6,194.43,1816.1,72.1,145.4,103.77,359.03,550.2,316.2,-6.73,184.73,54241,182839,69616,123857,99675,83164,54241,28923,861.6716666666667,6210.501666666666
00040302CE36,2021-07-31,31,4,10608,54124,6096,52890,3133,5567,4423,11071,17015,8464,763,30944,252568,7135,0.13,342.19,1745.94,196.65,1706.13,101.06,179.58,142.68,357.13,548.87,273.03,24.61,230.16,60220,192348,69528,129748,104054,88294,60220,28074,861.6716666666667,6367.511666666666
00040302CE36,2021-08-31,31,5,9673,49236,5090,51606,2662,4247,3873,11160,14678,7157,325,28413,230305,5873,0.16,312.03,1588.26,164.19,1664.71,85.87,137.0,124.94,360.0,473.48,230.87,10.48,189.45,54326,175979,67013,121339,96576,79403,54326,25077,861.6716666666667,5890.921666666666
00040302CE36,2021-09-30,30,6,8903,46673,5502,49642,4326,4505,3590,10031,16308,4816,314,25218,211968,6532,0.2,296.77,1555.77,183.4,1654.73,144.2,150.17,119.67,334.37,543.6,160.53,10.47,217.73,52175,159793,64178,116353,92659,67134,52175,14959,861.6716666666667,5936.3116666666665
00040302CE36,2021-10-31,31,7,10299,53171,6441,54639,6098,4442,2540,10857,22133,12033,1385,30300,245223,6677,0.23,332.23,1715.19,207.77,1762.55,196.71,143.29,81.94,350.23,713.97,388.16,44.68,215.39,59612,185611,69938,129550,108970,76641,59612,17029,861.6716666666667,6681.551666666668
00040302CE36,2021-11-30,30,8,9587,50963,5967,49207,3332,4710,3772,10343,16887,6207,545,28051,228258,6586,0.27,319.57,1698.77,198.9,1640.23,111.07,157.0,125.73,344.77,562.9,206.9,18.17,219.53,56930,171328,64260,121190,94289,77039,56930,20109,861.6716666666667,6145.641666666667
00040302CE36,2021-12-31,31,9,10278,54205,5668,61672,1385,4662,5477,10725,17944,4498,-1445,29278,244711,6538,0.29,331.55,1748.55,182.84,1989.42,44.68,150.39,176.68,345.97,578.84,145.1,-46.61,210.9,59873,184838,77059,136932,103790,81048,59873,21175,861.6716666666667,6388.431666666667
00040302CE36,2022-01-31,31,10,9311,51157,5634,54090,1979,4750,3078,10636,16571,10089,261,26493,221689,6871,0.32,300.35,1650.23,181.74,1744.84,63.84,153.23,99.29,343.1,534.55,325.45,8.42,221.65,56791,164898,69476,126267,101065,63833,56791,7042,861.6716666666667,6188.011666666666
00040302CE36,2022-02-28,28,11,9233,49855,6421,48430,4455,4407,2549,9983,17234,6679,1090,26401,219831,6654,0.39,329.75,1780.54,229.32,1729.64,159.11,157.39,91.04,356.54,615.5,238.54,38.93,237.64,56276,163555,62820,119096,93480,70075,56276,13799,861.6716666666667,6495.861666666668
00040302CE36,2022-03-31,31,12,10020,56370,5449,60383,2643,4940,3468,12665,18284,7152,592,28606,238574,7284,0.39,323.23,1818.39,175.77,1947.84,85.26,159.35,111.87,408.55,589.81,230.71,19.1,234.97,61819,176755,77988,139807,109147,67608,61819,5789,861.6716666666667,6643.291666666668
00040302CE36,2022-04-30,30,13,9925,55700,7806,55826,3650,4530,2934,11510,15285,7441,546,28717,236320,7054,0.43,330.83,1856.67,260.2,1860.87,121.67,151.0,97.8,383.67,509.5,248.03,18.2,235.13,63506,172814,71866,135372,103416,69398,63506,5892,861.6716666666667,6604.411666666667
00040302CE36,2022-05-31,31,14,9743,56908,6493,55948,2783,4522,3189,11305,17714,10545,677,28065,231977,1704,0.45,314.29,1835.74,209.45,1804.77,89.77,145.87,102.87,364.68,571.42,340.16,21.84,54.97,63401,168576,71775,135176,100416,68160,63401,4759,861.6716666666667,6403.211666666667
00040302CE36,2022-06-30,30,15,9892,59023,6749,51159,2367,5351,3829,10253,17315,10553,793,25401,235532,5351,0.5,329.73,1967.43,224.97,1705.3,78.9,178.37,127.63,341.77,577.17,351.77,26.43,178.37,65772,169760,66763,132535,99548,70212,65772,4440,861.6716666666667,6619.781666666669
00040302CE36,2022-07-31,31,16,9830,61433,6973,59166,2170,5471,2726,11601,16598,7419,399,19878,234052,5685,0.52,317.1,1981.71,224.94,1908.58,70.0,176.48,87.94,374.23,535.42,239.32,12.87,183.39,68406,165646,76238,144644,104467,61179,68406,-7227,861.6716666666667,6656.551666666666
00040302CE36,2022-08-31,31,17,9682,61458,6451,52413,3914,7981,3178,11691,19405,6842,708,25499,230519,7946,0.55,312.32,1982.52,208.1,1690.74,126.26,257.45,102.52,377.13,625.97,220.71,22.84,256.32,67909,162610,72085,139994,104355,58255,67909,-9654,861.6716666666667,6732.231666666667
00040302CE36,2022-09-30,30,18,9532,61194,6827,49875,2260,7430,2519,10495,19646,7020,367,23595,226945,7680,0.6,317.73,2039.8,227.57,1662.5,75.33,247.67,83.97,349.83,654.87,234.0,12.23,256.0,68021,158924,67800,135821,97178,61746,68021,-6275,861.6716666666667,6705.441666666667
00040302CE36,2022-10-31,31,19,10215,65892,6920,51264,1961,8108,1593,10532,19165,8432,920,26789,243211,2461,0.61,329.52,2125.55,223.23,1653.68,63.26,261.55,51.39,339.74,618.23,272.0,29.68,79.39,72812,170399,69904,142716,95486,74913,72812,2101,861.6716666666667,6579.371666666668
00040302CE36,2022-11-30,30,20,9642,62608,6886,48826,3877,6010,2769,10336,16733,8661,522,24656,229564,5496,0.67,321.4,2086.93,229.53,1627.53,129.23,200.33,92.3,344.53,557.77,288.7,17.4,183.2,69494,160070,65172,134666,96139,63931,69494,-5563,861.6716666666667,6619.121666666666
00040302CE36,2022-12-31,31,21,6836,68852,7353,65914,2308,7860,5843,10860,19556,9902,711,29220,250774,3556,0.68,220.52,2221.03,237.19,2126.26,74.45,253.55,188.48,350.32,630.84,319.42,22.94,114.71,76205,174569,84634,160839,113790,60779,76205,-15426,861.6716666666667,7400.861666666668
00040302CE36,2023-01-31,31,22,8784,60285,6480,51471,2481,4491,3276,10765,17481,7120,1499,19523,209133,8368,0.71,283.35,1944.68,209.03,1660.35,80.03,144.87,105.68,347.26,563.9,229.68,48.35,269.94,66765,142368,66727,133492,98255,44113,66765,-22652,861.6716666666667,6465.4416666666675
00040302CE36,2023-02-28,28,23,8746,59786,6536,51015,5415,4843,2985,10760,17387,7174,976,21682,208239,3192,0.82,312.36,2135.21,233.43,1821.96,193.39,172.96,106.61,384.29,620.96,256.21,34.86,114.0,66322,141917,66618,132940,95106,46811,66322,-19511,861.6716666666667,6935.551666666666
00040302CE36,2023-03-31,31,24,9949,66712,5608,56820,4465,5398,2988,11506,18764,9110,810,22613,236886,6214,0.77,320.94,2152.0,180.9,1832.9,144.03,174.13,96.39,371.16,605.29,293.87,26.13,200.45,72320,164566,73724,146044,107260,57306,72320,-15014,861.6716666666667,6938.921666666667
00040302CF03,2021-04-30,30,1,4319,23555,2735,2228,1873,2354,3311,3982,9719,10415,425,964,102838,5425,0.03,143.97,785.17,91.17,74.27,62.43,78.47,110.37,132.73,323.97,347.17,14.17,180.83,26290,76548,8564,34854,34332,42216,26290,15926,84.54999999999998,2285.3
00040302CF03,2021-05-31,31,2,5418,27474,3021,12712,1559,2707,3570,4403,11298,6706,477,3185,129004,4738,0.06,174.77,886.26,97.45,410.06,50.29,87.32,115.16,142.03,364.45,216.32,15.39,152.84,30495,98509,19822,50317,42290,56219,30495,25724,84.54999999999998,2622.1200000000003
00040302CF03,2021-06-30,30,3,5471,27142,3195,37006,2272,4083,3722,7365,11301,4777,706,3127,130262,4857,0.1,182.37,904.73,106.5,1233.53,75.73,136.1,124.07,245.5,376.7,159.23,23.53,161.9,30337,99925,48454,78791,70259,29666,30337,-671,84.54999999999998,3632.07
00040302CF03,2021-07-31,31,4,5544,27789,3361,34080,3377,4076,2894,7360,11264,4335,1004,4198,132007,6768,0.13,178.84,896.42,108.42,1099.35,108.94,131.48,93.35,237.42,363.35,139.84,32.39,218.32,31150,100857,45516,76666,69438,31419,31150,269,84.54999999999998,3513.8300000000004
00040302CF03,2021-08-31,31,5,5465,28084,3674,36032,2115,3912,3474,7964,11583,4291,652,3230,130112,5909,0.16,176.29,905.94,118.52,1162.32,68.23,126.19,112.06,256.9,373.65,138.42,21.03,190.61,31758,98354,47908,79666,69814,28540,31758,-3218,84.54999999999998,3558.420000000001
00040302CF03,2021-09-30,30,6,5304,27705,2903,33731,5913,3547,3053,7404,11137,3386,278,2953,126279,6243,0.2,176.8,923.5,96.77,1124.37,197.1,118.23,101.77,246.8,371.23,112.87,9.27,208.1,30608,95671,44682,75290,68859,26812,30608,-3796,84.54999999999998,3594.5599999999995
00040302CF03,2021-10-31,31,7,6145,31665,3721,40164,2929,3526,3615,8466,11256,9181,1486,4770,146319,6687,0.23,198.23,1021.45,120.03,1295.61,94.48,113.74,116.61,273.1,363.1,296.16,47.94,215.71,35386,110933,52156,87542,82199,28734,35386,-6652,84.54999999999998,4042.48
00040302CF03,2021-11-30,30,8,5326,29169,3555,34441,2314,2595,2645,7286,13827,2717,821,3098,126813,5380,0.27,177.53,972.3,118.5,1148.03,77.13,86.5,88.17,242.87,460.9,90.57,27.37,179.33,32724,94089,44322,77046,63525,30564,32724,-2160,84.54999999999998,3576.2200000000003
00040302CF03,2021-12-31,31,9,6279,32651,3660,45985,1763,6345,6213,7410,15652,1302,113,3886,149506,5827,0.29,202.55,1053.26,118.06,1483.39,56.87,204.68,200.42,239.03,504.9,42.0,3.65,187.97,36311,113195,59740,96051,81237,31958,36311,-4353,84.54999999999998,4178.78
00040302CF03,2022-01-31,31,10,5588,31449,3592,39196,2790,4128,3586,7585,12027,6164,48,3347,133056,5902,0.32,180.26,1014.48,115.87,1264.39,90.0,133.16,115.68,244.68,387.97,198.84,1.55,190.39,35041,98015,50909,85950,74987,23028,35041,-12013,84.54999999999998,3841.5600000000004
00040302CF03,2022-02-28,28,11,5601,30503,4070,36477,5836,3826,2466,7751,12024,4502,286,3359,133353,5660,0.39,200.04,1089.39,145.36,1302.75,208.43,136.64,88.07,276.82,429.43,160.79,10.21,202.14,34573,98780,48054,82627,72405,26375,34573,-8198,84.54999999999998,4134.58
00040302CF03,2022-03-31,31,12,6745,36778,4400,42709,3426,7512,2856,9290,13376,4130,408,4327,160594,7158,0.39,217.58,1186.39,141.94,1377.71,110.52,242.32,92.13,299.68,431.48,133.23,13.16,230.9,41178,119416,59511,100689,84234,35182,41178,-5996,84.54999999999998,4344.01
00040302CF03,2022-04-30,30,13,6762,36997,4505,43937,3555,7351,2595,9143,12026,2903,930,3418,161001,6590,0.43,225.4,1233.23,150.17,1464.57,118.5,245.03,86.5,304.77,400.87,96.77,31.0,219.67,41502,119499,60431,101933,83766,35733,41502,-5769,84.54999999999998,4435.630000000001
00040302CF03,2022-05-31,31,14,6612,38539,4907,44789,3364,6269,3547,9320,12844,5737,917,-1498,157385,2810,0.45,213.29,1243.19,158.29,1444.81,108.52,202.23,114.42,300.65,414.32,185.06,29.58,90.65,43446,113939,60378,103824,83365,30574,43446,-12872,84.54999999999998,4376.2699999999995
00040302CF03,2022-06-30,30,15,6811,39822,4433,41425,4610,7197,2519,8583,12959,6788,613,485,162162,5450,0.5,227.03,1327.4,147.77,1380.83,153.67,239.9,83.97,286.1,431.97,226.27,20.43,181.67,44255,117907,57205,101460,83996,33911,44255,-10344,84.54999999999998,4564.530000000001
00040302CF03,2022-07-31,31,16,6915,42705,5139,44633,3197,6374,3012,9280,12659,6655,-309,730,164640,5793,0.52,223.06,1377.58,165.77,1439.77,103.13,205.61,97.16,299.35,408.35,214.68,-9.97,186.87,47844,116796,60287,108131,85550,31246,47844,-16598,84.54999999999998,4572.85
00040302CF03,2022-08-31,31,17,6810,42993,5255,43394,2995,5707,2814,9099,14534,6417,512,631,162147,8897,0.55,219.68,1386.87,169.52,1399.81,96.61,184.1,90.77,293.52,468.84,207.0,16.52,287.0,48248,113899,58200,106448,86645,27254,48248,-20994,84.54999999999998,4685.11
00040302CF03,2022-09-30,30,18,6587,43225,4582,39126,2128,3604,2538,7690,15206,6209,615,265,156837,8120,0.6,219.57,1440.83,152.73,1304.2,70.93,120.13,84.6,256.33,506.87,206.97,20.5,270.67,47807,109030,50420,98227,76617,32413,47807,-15394,84.54999999999998,4519.31
00040302CF03,2022-10-31,31,19,7308,44157,4989,40262,3103,4091,3437,7954,15272,9849,549,1105,174003,2452,0.61,235.74,1424.42,160.94,1298.77,100.1,131.97,110.87,256.58,492.65,317.71,17.71,79.1,49146,124857,52307,101453,79005,45852,49146,-3294,84.54999999999998,4475.370000000001
00040302CF03,2022-11-30,30,20,7623,48286,6678,40215,2276,3419,3488,8785,14005,9543,1009,1405,181500,5342,0.67,254.1,1609.53,222.6,1340.5,75.87,113.97,116.27,292.83,466.83,318.1,33.63,178.07,54964,126536,52419,107383,81700,44836,54964,-10128,84.54999999999998,4852.75
00040302CF03,2022-12-31,31,21,5974,56321,7097,48285,3068,4740,6692,7843,19297,13050,1444,3055,222973,5052,0.68,192.71,1816.81,228.94,1557.58,98.97,152.9,215.87,253.0,622.48,420.97,46.58,162.97,63418,159555,60868,124286,96148,63407,63418,-11,84.54999999999998,5661.620000000001
00040302CF03,2023-01-31,31,22,6987,45334,5215,40891,5428,3879,3528,8160,14884,10346,1031,-2736,166348,12020,0.71,225.39,1462.39,168.23,1319.06,175.1,125.13,113.81,263.23,480.13,333.74,33.26,387.74,50549,115799,52930,103479,92270,23529,50549,-27020,84.54999999999998,4946.37
00040302CF03,2023-02-28,28,23,6496,43273,4797,41093,2373,4404,2681,8199,14076,11431,667,-2762,154662,1376,0.82,232.0,1545.46,171.32,1467.61,84.75,157.29,95.75,292.82,502.71,408.25,23.82,49.14,48070,106592,53696,101766,78720,27872,48070,-20198,84.54999999999998,4883.47
00040302CF03,2023-03-31,31,24,7055,46673,4482,44141,6580,4985,3529,8962,14716,13365,1078,-2495,167980,5377,0.77,227.58,1505.58,144.58,1423.9,212.26,160.81,113.84,289.1,474.71,431.13,34.77,173.45,51155,116825,58088,109243,95072,21753,51155,-29402,84.54999999999998,5048.68
00040302CF28,2021-04-30,30,1,5472,30401,3708,2530,2695,3015,4183,4004,11746,10866,594,8916,130284,4966,0.03,182.4,1013.37,123.6,84.33,89.83,100.5,139.43,133.47,391.53,362.2,19.8,165.53,34109,96175,9549,43658,38325,57850,34109,23741,391.95478260869567,3015.544782608696
00040302CF28,2021-05-31,31,2,6592,35009,4068,16736,1705,3443,3337,5381,10374,10091,278,11566,156950,5808,0.06,212.65,1129.32,131.23,539.87,55.0,111.06,107.65,173.58,334.65,325.52,8.97,187.35,39077,117873,25560,64637,53371,64502,39077,25425,391.95478260869567,3496.1547826086953
00040302CF28,2021-06-30,30,3,6441,33157,4393,39992,4744,4859,3346,8409,12176,8188,774,10124,153357,5568,0.1,214.7,1105.23,146.43,1333.07,158.13,161.97,111.53,280.3,405.87,272.93,25.8,185.6,37550,115807,53260,90810,82321,33486,37550,-4064,391.95478260869567,4578.814782608695
00040302CF28,2021-07-31,31,4,6718,35264,4464,38222,3681,7296,2994,9064,12543,10010,926,11830,159959,6477,0.13,216.71,1137.55,144.0,1232.97,118.74,235.35,96.58,292.39,404.61,322.9,29.87,208.94,39728,120231,54582,94310,85388,34843,39728,-4885,391.95478260869567,4615.854782608696
00040302CF28,2021-08-31,31,5,6478,35600,4168,43639,4361,8506,3551,9156,11329,8298,602,11488,154240,5825,0.16,208.97,1148.39,134.45,1407.71,140.68,274.39,114.55,295.35,365.45,267.68,19.42,187.9,39768,114472,61301,101069,90416,24056,39768,-15712,391.95478260869567,4747.924782608696
00040302CF28,2021-09-30,30,6,6513,34526,3981,40399,5932,6543,4644,8313,12981,6727,621,11335,155065,5995,0.2,217.1,1150.87,132.7,1346.63,197.73,218.1,154.8,277.1,432.7,224.23,20.7,199.83,38507,116558,55255,93762,85687,30871,38507,-7636,391.95478260869567,4747.344782608695
00040302CF28,2021-10-31,31,7,7392,38138,4053,44600,2548,5650,3359,9237,13407,14674,1218,13637,176005,6787,0.23,238.45,1230.26,130.74,1438.71,82.19,182.26,108.35,297.97,432.48,473.35,39.29,218.94,42191,133814,59487,101678,95465,38349,42191,-3842,391.95478260869567,5026.4947826086955
00040302CF28,2021-11-30,30,8,6914,36966,4540,42227,3093,7235,4503,9327,13210,7354,379,12278,164623,6399,0.27,230.47,1232.2,151.33,1407.57,103.1,241.17,150.1,310.9,440.33,245.13,12.63,213.3,41506,123117,58789,100295,87431,35686,41506,-5820,391.95478260869567,4899.714782608696
00040302CF28,2021-12-31,31,9,7579,41057,4568,54701,1884,5900,6807,10279,14193,6526,-19,13667,180617,6618,0.29,244.48,1324.42,147.35,1764.55,60.77,190.32,219.58,331.58,457.84,210.52,-0.61,213.48,45625,134992,70880,116505,100275,34717,45625,-10908,391.95478260869567,5311.754782608696
00040302CF28,2022-01-31,31,10,6905,38797,4473,42186,2843,5969,2517,9071,13193,10821,165,12104,164423,6709,0.32,222.74,1251.52,144.29,1360.84,91.71,192.55,81.19,292.61,425.58,349.06,5.32,216.42,43270,121153,57226,100496,87186,33967,43270,-9303,391.95478260869567,4803.044782608696
00040302CF28,2022-02-28,28,11,7227,41106,5262,41672,5825,5562,3838,8702,14728,8980,467,13644,172072,6306,0.39,258.11,1468.07,187.93,1488.29,208.04,198.64,137.07,310.79,526.0,320.71,16.68,225.21,46368,125704,55936,102304,88579,37125,46368,-9243,391.95478260869567,5479.384782608696
00040302CF28,2022-03-31,31,12,7960,45268,5896,49563,4174,6347,3200,10607,15283,12069,527,15060,189525,6672,0.39,256.77,1460.26,190.19,1598.81,134.65,204.74,103.23,342.16,493.0,389.32,17.0,215.23,51164,138361,66517,117681,101119,37242,51164,-13922,391.95478260869567,5540.544782608695
00040302CF28,2022-04-30,30,13,8089,45150,6510,46473,3361,5729,2596,10019,12553,10731,152,15081,192596,6868,0.43,269.63,1505.0,217.0,1549.1,112.03,190.97,86.53,333.97,418.43,357.7,5.07,228.93,51660,140936,62221,113881,94018,46918,51660,-4742,391.95478260869567,5396.684782608696
00040302CF28,2022-05-31,31,14,8040,53600,6362,49482,3215,5830,4226,10366,15223,9221,1404,13873,191433,4095,0.45,259.35,1729.03,205.23,1596.19,103.71,188.06,136.32,334.39,491.06,297.45,45.29,132.1,59962,131471,65678,125640,95879,35592,59962,-24370,391.95478260869567,5650.784782608695
00040302CF28,2022-06-30,30,15,8132,48056,5782,46593,3397,6043,1642,9818,15033,9761,250,14279,193629,5157,0.5,271.07,1601.87,192.73,1553.1,113.23,201.43,54.73,327.27,501.1,325.37,8.33,171.9,53838,139791,62454,116292,90793,48998,53838,-4840,391.95478260869567,5443.014782608695
00040302CF28,2022-07-31,31,16,8004,51344,5373,46689,6332,4729,2978,10074,13988,11579,-72,-1080,190562,5227,0.52,258.19,1656.26,173.32,1506.1,204.26,152.55,96.06,324.97,451.23,373.52,-2.32,168.61,56717,133845,61492,118209,95540,38305,56717,-18412,391.95478260869567,5496.514782608696
00040302CF28,2022-08-31,31,17,7703,51289,6479,47632,5454,6027,2910,10788,16675,9701,1411,10330,183407,8138,0.55,248.48,1654.48,209.0,1536.52,175.94,194.42,93.87,348.0,537.9,312.94,45.52,262.52,57768,125639,64447,122215,99764,25875,57768,-31893,391.95478260869567,5763.064782608696
00040302CF28,2022-09-30,30,18,8091,54501,7647,45776,2140,5436,2879,9650,17932,9722,221,10820,192647,8081,0.6,269.7,1816.7,254.9,1525.87,71.33,181.2,95.97,321.67,597.73,324.07,7.37,269.37,62148,130499,60862,123010,91996,38503,62148,-23645,391.95478260869567,5858.134782608695
00040302CF28,2022-10-31,31,19,9031,59384,6822,50729,3213,5943,2615,10283,17858,12282,892,12719,215023,3035,0.61,291.32,1915.61,220.06,1636.42,103.65,191.71,84.35,331.71,576.06,396.19,28.77,97.9,66206,148817,66955,133161,98023,50794,66206,-15412,391.95478260869567,5974.384782608695
00040302CF28,2022-11-30,30,20,8863,58825,6384,48042,5621,5092,2269,10369,16013,11142,220,12071,211029,4926,0.67,295.43,1960.83,212.8,1601.4,187.37,169.73,75.63,345.63,533.77,371.4,7.33,164.2,65209,145820,63503,128712,96544,49276,65209,-15933,391.95478260869567,6022.044782608695
00040302CF28,2022-12-31,31,21,6647,64937,8518,57090,2140,6205,6163,9941,14824,13926,226,15380,244688,5157,0.68,214.42,2094.74,274.77,1841.61,69.03,200.16,198.81,320.68,478.19,449.23,7.29,166.35,73455,171233,73236,146691,107495,63738,73455,-9717,391.95478260869567,6492.814782608695
00040302CF28,2023-01-31,31,22,8391,56662,6560,54094,3736,5502,3695,11167,17549,11824,1373,6146,199787,8256,0.71,270.68,1827.81,211.61,1744.97,120.52,177.48,119.19,360.23,566.1,381.42,44.29,266.32,63222,136565,70763,133985,108038,28527,63222,-34695,391.95478260869567,6211.894782608695
00040302CF28,2023-02-28,28,23,8464,68278,8477,51382,3297,5821,1853,10344,16912,13410,-181,7294,201508,4315,0.82,302.29,2438.5,302.75,1835.07,117.75,207.89,66.18,369.43,604.0,478.93,-6.46,154.11,76755,124753,67547,144302,98705,26048,76755,-50707,391.95478260869567,6960.104782608695
00040302CF28,2023-03-31,31,24,9662,63675,8077,55282,5769,6486,3084,11422,18352,17189,901,10414,230053,5109,0.77,311.68,2054.03,260.55,1783.29,186.1,209.23,99.48,368.45,592.0,554.48,29.06,164.81,71752,158301,73190,144942,114904,43397,71752,-28355,391.95478260869567,6693.434782608697
00040302D006,2021-04-30,30,1,1860,9850,1127,64,1617,1950,2625,1613,6870,2408,642,-2233,44281,2438,0.03,62.0,328.33,37.57,2.13,53.9,65.0,87.5,53.77,229.0,80.27,21.4,81.27,10977,33304,3627,14604,15217,18087,10977,7110,,1040.1399999999999
00040302D006,2021-05-31,31,2,1985,10271,1053,-46,1636,2306,2373,1806,7039,1846,622,-2203,47250,3101,0.06,64.03,331.32,33.97,-1.48,52.77,74.39,76.55,58.26,227.06,59.55,20.06,100.03,11324,35926,4066,15390,15629,20297,11324,8973,,1032.4799999999998
00040302D006,2021-06-30,30,3,2088,10565,1337,-1394,2270,2208,1494,2093,7155,2464,675,-2213,49718,1554,0.1,69.6,352.17,44.57,-46.47,75.67,73.6,49.8,69.77,238.5,82.13,22.5,51.8,11902,37816,2907,14809,13452,24364,11902,12462,,1014.0399999999998
00040302D006,2021-07-31,31,4,2290,12147,1391,2573,3105,309,2062,3044,7252,2199,1007,-2130,54521,2244,0.13,73.87,391.84,44.87,83.0,100.16,9.97,66.52,98.19,233.94,70.94,32.48,72.39,13538,40983,5926,19464,18833,22150,13538,8612,,1204.3000000000002
00040302D006,2021-08-31,31,5,2095,11344,1440,1250,1823,1929,1083,1556,6112,2279,688,-2176,49887,2568,0.16,67.58,365.94,46.45,40.32,58.81,62.23,34.94,50.19,197.16,73.52,22.19,82.84,12784,37103,4735,17519,15271,21832,12784,9048,,1034.59
00040302D006,2021-09-30,30,6,2297,11793,1410,1700,1936,2868,2022,2246,7287,2724,498,-2166,54693,2721,0.2,76.57,393.1,47.0,56.67,64.53,95.6,67.4,74.87,242.9,90.8,16.6,90.7,13203,41490,6814,20017,19012,22478,13203,9275,,1240.17
00040302D006,2021-10-31,31,7,2396,12774,1683,61,828,1702,1798,2101,6788,7224,1175,-2105,57047,3123,0.23,77.29,412.06,54.29,1.97,26.71,54.9,58.0,67.77,218.97,233.03,37.9,100.74,14457,42590,3864,18321,20408,22182,14457,7725,,1266.3400000000001
00040302D006,2021-11-30,30,8,2486,13370,1417,3262,1650,2574,2035,2422,7257,1877,622,-2083,59197,2671,0.27,82.87,445.67,47.23,108.73,55.0,85.8,67.83,80.73,241.9,62.57,20.73,89.03,14787,44410,8258,23045,19599,24811,14787,10024,,1305.22
00040302D006,2021-12-31,31,9,2576,14071,1183,2463,1938,2504,4441,1892,7539,1481,-142,-2101,61328,2640,0.29,83.1,453.9,38.16,79.45,62.52,80.77,143.26,61.03,243.19,47.77,-4.58,85.16,15254,46074,6859,22113,19793,26281,15254,11027,,1290.63
00040302D006,2022-01-31,31,10,2133,11542,1183,2578,1842,2959,1145,2126,7235,4279,201,-2167,50793,3349,0.32,68.81,372.32,38.16,83.16,59.42,95.45,36.94,68.58,233.39,138.03,6.48,108.03,12725,38068,7663,20388,20612,17456,12725,4731,,1239.9599999999998
00040302D006,2022-02-28,28,11,2440,13221,1605,8901,4606,3238,1882,1815,8212,2502,332,-2091,58093,4660,0.39,87.14,472.18,57.32,317.89,164.5,115.64,67.21,64.82,293.29,89.36,11.86,166.43,14826,43267,13954,28780,30376,12891,14826,-1935,,1820.4999999999998
00040302D006,2022-03-31,31,12,2545,14027,2277,14498,2353,3990,1515,4674,8347,2654,636,-2115,60585,1899,0.39,82.1,452.48,73.45,467.68,75.9,128.71,48.87,150.77,269.26,85.61,20.52,61.26,16304,44281,23162,39466,34764,9517,16304,-6787,,1834.5100000000002
00040302D006,2022-04-30,30,13,2725,14914,2046,13521,919,3526,1950,4081,7184,2651,609,-3239,64893,2487,0.43,90.83,497.13,68.2,450.7,30.63,117.53,65.0,136.03,239.47,88.37,20.3,82.9,16960,47933,21128,38088,32469,15464,16960,-1496,,1796.26
00040302D006,2022-05-31,31,14,2668,15163,2161,18583,1668,4014,2808,3739,10750,4661,190,-5685,62754,2594,0.45,86.06,489.13,69.71,599.45,53.81,129.48,90.58,120.61,346.77,150.35,6.13,83.68,17324,45430,26336,43660,40925,4505,17324,-12819,,2139.7
00040302D006,2022-06-30,30,15,2741,16309,1964,18361,2462,4066,1613,4013,6964,4683,1218,-4497,65270,1979,0.5,91.37,543.63,65.47,612.03,82.07,135.53,53.77,133.77,232.13,156.1,40.6,65.97,18273,46997,26440,44713,41136,5861,18273,-12412,,2121.0699999999997
00040302D006,2022-07-31,31,16,2725,17735,3696,21415,4012,3371,1441,4523,7242,3810,912,-4518,64874,2206,0.52,87.9,572.1,119.23,690.81,129.42,108.74,46.48,145.9,233.61,122.9,29.42,71.16,21431,43443,29309,50740,44415,-972,21431,-22403,,2269.77
00040302D006,2022-08-31,31,17,2964,18436,2186,20882,3924,4450,1654,4610,9360,3916,1136,-4328,70577,4110,0.55,95.61,594.71,70.52,673.61,126.58,143.55,53.35,148.71,301.94,126.32,36.65,132.58,20622,49955,29942,50564,47646,2309,20622,-18313,,2408.5200000000004
00040302D006,2022-09-30,30,18,3292,20643,2991,19703,2290,3905,1293,4167,10833,3479,1110,-4375,78387,2467,0.6,109.73,688.1,99.7,656.77,76.33,130.17,43.1,138.9,361.1,115.97,37.0,82.23,23634,54753,27775,51409,41706,13047,23634,-10587,,2429.37
00040302D006,2022-10-31,31,19,3672,23696,2685,20801,1858,4401,1606,4250,10116,3952,116,-4226,87423,3673,0.61,118.45,764.39,86.61,671.0,59.94,141.97,51.81,137.1,326.32,127.48,3.74,118.48,26381,61042,29452,55833,44329,16713,26381,-9668,,2488.8399999999997
00040302D006,2022-11-30,30,20,3678,22872,2810,19401,2390,3720,1441,4432,8573,3715,292,-4225,87576,1030,0.67,122.6,762.4,93.67,646.7,79.67,124.0,48.03,147.73,285.77,123.83,9.73,34.33,25682,61894,27553,53235,40099,21795,25682,-3887,,2355.86
00040302D006,2022-12-31,31,21,2053,24716,779,26086,2815,4721,4900,4656,14301,5042,-2087,-4135,96489,2700,0.68,66.23,797.29,25.13,841.48,90.81,152.29,158.06,150.19,461.32,162.65,-67.32,87.1,25495,70994,35463,60958,50886,20108,25495,-5387,,2859.0
00040302D006,2023-01-31,31,22,3305,21780,2754,20836,2168,3944,1930,4413,10110,3692,731,-4383,78682,3322,0.71,106.61,702.58,88.84,672.13,69.94,127.23,62.26,142.35,326.13,119.1,23.58,107.16,24534,54148,29193,53727,44341,9807,24534,-14727,,2441.2999999999997
00040302D006,2023-02-28,28,23,3196,21586,2501,22538,1808,4460,1957,4599,9731,3640,393,-4339,76094,2423,0.82,114.14,770.93,89.32,804.93,64.57,159.29,69.89,164.25,347.54,130.0,14.04,86.54,24087,52007,31597,55684,45014,6993,24087,-17094,,2701.3
00040302D006,2023-03-31,31,24,3715,25271,3125,22754,4549,5069,2208,4658,10616,4886,941,-4216,88447,3885,0.77,119.84,815.19,100.81,734.0,146.74,163.52,71.23,150.26,342.45,157.61,30.35,125.32,28396,60051,32481,60877,52665,7386,28396,-21010,,2837.48
00040302D014,2021-04-30,30,1,10220,50533,4478,51571,4238,4024,3147,10562,18090,2389,659,38786,243340,6714,0.03,340.67,1684.43,149.27,1719.03,141.27,134.13,104.9,352.07,603.0,79.63,21.97,223.8,55011,188329,66157,121168,93524,94805,55011,39794,1289.1533333333334,6502.653333333335
00040302D014,2021-05-31,31,2,11073,55334,5718,56992,4625,3823,5329,11167,19156,2288,606,42080,263644,6091,0.06,357.19,1784.97,184.45,1838.45,149.19,123.32,171.9,360.23,617.94,73.81,19.55,196.48,61052,202592,71982,133034,101994,100598,61052,39546,1289.1533333333334,6809.4433333333345
00040302D014,2021-06-30,30,3,10672,51379,5529,55267,4758,4088,2128,10584,18768,1611,714,39978,254097,6145,0.1,355.73,1712.63,184.3,1842.23,158.6,136.27,70.93,352.8,625.6,53.7,23.8,204.83,56908,197189,69939,126847,95967,101222,56908,44314,1289.1533333333334,6654.843333333334
00040302D014,2021-07-31,31,4,11503,56861,5684,53901,5581,4081,2696,11018,19122,3457,585,43739,273874,7045,0.13,371.06,1834.23,183.35,1738.74,180.03,131.65,86.97,355.42,616.84,111.52,18.87,227.26,62545,211329,69000,131545,99867,111462,62545,48917,1289.1533333333334,6774.033333333334
00040302D014,2021-08-31,31,5,11564,57642,6330,59087,4739,3973,4485,11934,19423,3321,288,44241,275323,6525,0.16,373.03,1859.42,204.19,1906.03,152.87,128.16,144.68,384.97,626.55,107.13,9.29,210.48,63972,211351,74994,138966,105916,105435,63972,41463,1289.1533333333334,7022.923333333334
00040302D014,2021-09-30,30,6,10443,52933,5483,51824,3667,3672,3575,10538,19750,1909,-58,39138,248653,5480,0.2,348.1,1764.43,182.77,1727.47,122.23,122.4,119.17,351.27,658.33,63.63,-1.93,182.67,58416,190237,66034,124450,91050,99187,58416,40771,1289.1533333333334,6581.593333333333
00040302D014,2021-10-31,31,7,11521,57170,6280,52630,3842,7329,3972,10817,20071,8664,1969,43822,274309,7918,0.23,371.65,1844.19,202.58,1697.74,123.94,236.42,128.13,348.94,647.45,279.48,63.52,255.42,63450,210859,70776,134226,108662,102197,63450,38747,1289.1533333333334,7116.963333333333
00040302D014,2021-11-30,30,8,10296,52616,5485,48303,2313,7214,2387,10066,19325,2107,449,39168,245148,7778,0.27,343.2,1753.87,182.83,1610.1,77.1,240.47,79.57,335.53,644.17,70.23,14.97,259.27,58101,187047,65583,123684,90913,96134,58101,38033,1289.1533333333334,6557.263333333332
00040302D014,2021-12-31,31,9,11622,59366,5830,64256,4450,7244,4835,11191,21142,1654,-494,43771,276704,7773,0.29,374.9,1915.03,188.06,2072.77,143.55,233.68,155.97,361.0,682.0,53.35,-15.94,250.74,65196,211508,82691,147887,112531,98977,65196,33781,1289.1533333333334,7329.363333333334
00040302D014,2022-01-31,31,10,10064,52251,5370,52774,2029,9073,3126,10418,17796,4480,244,38303,239625,7923,0.32,324.65,1685.52,173.23,1702.39,65.45,292.68,100.84,336.06,574.06,144.52,7.87,255.58,57621,182004,72265,129886,100131,81873,57621,24252,1289.1533333333334,6627.3533333333335
00040302D014,2022-02-28,28,11,9994,52579,5777,48992,3048,7220,3221,10424,18211,2303,627,37982,237942,7698,0.39,356.93,1877.82,206.32,1749.71,108.86,257.86,115.04,372.29,650.39,82.25,22.39,274.93,58356,179586,66636,124992,93527,86059,58356,27703,1289.1533333333334,7007.013333333334
00040302D014,2022-03-31,31,12,10812,56991,6623,57416,3013,7733,2772,12632,19052,2499,581,40650,257417,8244,0.39,348.77,1838.42,213.65,1852.13,97.19,249.45,89.42,407.48,614.58,80.61,18.74,265.94,63614,193803,77781,141395,105702,88101,63614,24487,1289.1533333333334,7016.763333333333
00040302D014,2022-04-30,30,13,11084,60434,6826,59357,1354,6115,3735,11746,16611,2839,854,42590,266429,7428,0.43,369.47,2014.47,227.53,1978.57,45.13,203.83,124.5,391.53,553.7,94.63,28.47,247.6,67260,199169,77218,144478,104512,94657,67260,27397,1289.1533333333334,7199.113333333335
00040302D014,2022-05-31,31,14,10942,61490,6369,61877,2726,4946,4019,12289,18116,6065,773,41565,260507,2747,0.45,352.97,1983.55,205.45,1996.03,87.94,159.55,129.65,396.42,584.39,195.65,24.94,88.61,67859,192648,79112,146971,106384,86264,67859,18405,1289.1533333333334,7141.333333333332
00040302D014,2022-06-30,30,15,11313,66133,7125,60116,1760,5214,3723,11705,20948,5048,543,39548,269351,6296,0.5,377.1,2204.43,237.5,2003.87,58.67,173.8,124.1,390.17,698.27,168.27,18.1,209.87,73258,196093,77035,150293,105718,90375,73258,17117,1289.1533333333334,7576.203333333334
00040302D014,2022-07-31,31,16,10627,63248,6733,61309,3860,4095,2772,11930,18396,4811,379,31323,253020,6378,0.52,342.81,2040.26,217.19,1977.71,124.52,132.1,89.42,384.84,593.42,155.19,12.23,205.74,69981,183039,77334,147315,106161,76878,69981,6897,1289.1533333333334,7221.773333333333
00040302D014,2022-08-31,31,17,10231,63652,6466,57914,4727,8703,1995,12213,20020,6372,895,36092,243590,9897,0.55,330.03,2053.29,208.58,1868.19,152.48,280.74,64.35,393.97,645.81,205.55,28.87,319.26,70118,173472,78830,148948,112947,60525,70118,-9593,1289.1533333333334,7510.243333333334
00040302D014,2022-09-30,30,18,9700,59849,6351,48983,3670,7110,901,9960,20113,4904,768,33187,230958,9559,0.6,323.33,1994.97,211.7,1632.77,122.33,237.0,30.03,332.0,670.43,163.47,25.6,318.63,66200,164758,66053,132253,95555,69203,66200,3003,1289.1533333333334,7028.083333333334
00040302D014,2022-10-31,31,19,11006,67892,6905,51806,3604,7681,2350,10627,20583,3715,675,39672,262053,1850,0.61,355.03,2190.06,222.74,1671.16,116.26,247.77,75.81,342.81,663.97,119.84,21.77,59.68,74797,187256,70114,144911,93314,93942,74797,19145,1289.1533333333334,7021.023333333334
00040302D014,2022-11-30,30,20,10383,63404,6532,47167,1785,6533,2497,10367,18116,2900,1171,37473,247218,4978,0.67,346.1,2113.47,217.73,1572.23,59.5,217.77,83.23,345.57,603.87,96.67,39.03,165.93,69936,177282,64067,134003,87781,89501,69936,19565,1289.1533333333334,6804.153333333334
00040302D014,2022-12-31,31,21,7536,70107,7171,56985,1957,7526,5462,10310,21148,4283,604,42489,273373,7737,0.68,243.1,2261.52,231.32,1838.23,63.13,242.77,176.19,332.58,682.19,138.16,19.48,249.58,77278,196095,74821,152099,102400,93695,77278,16417,1289.1533333333334,7524.303333333333
00040302D014,2023-01-31,31,22,9699,63023,6852,50980,2836,6940,3072,10528,18490,3639,1494,33961,230933,10139,0.71,312.87,2033.0,221.03,1644.52,91.48,223.87,99.1,339.61,596.45,117.39,48.19,327.06,69875,161058,68448,138323,99327,61731,69875,-8144,1289.1533333333334,7030.853333333334
00040302D014,2023-02-28,28,23,9196,59599,6070,49731,2470,7083,3126,10107,17681,4715,567,32717,218955,1619,0.82,328.43,2128.54,216.79,1776.11,88.21,252.96,111.64,360.96,631.46,168.39,20.25,57.82,65669,153286,66921,132590,88614,64672,65669,-997,1289.1533333333334,7102.283333333334
00040302D014,2023-03-31,31,24,10783,68376,6986,54801,5341,7585,2546,10859,19842,6371,1271,38951,256734,4851,0.77,347.84,2205.68,225.35,1767.77,172.29,244.68,82.13,350.29,640.06,205.52,41.0,156.48,75362,181372,73245,148607,104408,76964,75362,1602,1289.1533333333334,7380.403333333334
0004030A635E,2021-04-30,30,1,18902,94368,10117,94427,4233,4281,6073,20249,31011,7479,877,79509,450042,7307,0.03,630.07,3145.6,337.23,3147.57,141.1,142.7,202.43,674.97,1033.7,249.3,29.23,243.57,104485,345557,118957,223442,163828,181729,104485,77244,2969.6870833333337,12317.087083333332
0004030A635E,2021-05-31,31,2,21016,106221,11360,98665,6791,6013,8040,20956,33432,6535,1099,89419,500381,7745,0.06,677.94,3426.48,366.45,3182.74,219.06,193.97,259.35,676.0,1078.45,210.81,35.45,249.84,117581,382800,125634,243215,176860,205940,117581,88359,2969.6870833333337,12868.287083333335
0004030A635E,2021-06-30,30,3,20230,99395,11042,102558,4413,6758,5368,22148,32474,4905,399,84888,481670,7594,0.1,674.33,3313.17,368.07,3418.6,147.1,225.27,178.93,738.27,1082.47,163.5,13.3,253.13,110437,371233,131464,241901,174373,196860,110437,86423,2969.6870833333337,12871.497083333334
0004030A635E,2021-07-31,31,4,22266,110961,11629,109374,4066,7726,7023,25014,34388,6632,1065,96263,530140,8522,0.13,718.26,3579.39,375.13,3528.19,131.16,249.23,226.55,806.9,1109.29,213.94,34.35,274.9,122590,407550,142114,264704,191688,215862,122590,93272,2969.6870833333337,13498.717083333335
0004030A635E,2021-08-31,31,5,22389,113432,12331,113657,5145,7148,7250,24822,33719,7357,1172,96502,533084,7738,0.16,722.23,3659.1,397.77,3666.35,165.97,230.58,233.87,800.71,1087.71,237.32,37.81,249.61,125763,407321,145627,271390,196678,210643,125763,84880,2969.6870833333337,13736.487083333333
0004030A635E,2021-09-30,30,6,20361,103900,11687,101541,3480,5192,5950,22079,34603,4340,522,85344,484562,8974,0.2,678.7,3463.33,389.57,3384.7,116.0,173.07,198.33,735.97,1153.43,144.67,17.4,299.13,115587,368975,128812,244399,172439,196536,115587,80949,2969.6870833333337,13045.287083333335
0004030A635E,2021-10-31,31,7,22178,110609,11196,98495,3720,4910,5170,21884,36082,12355,1060,94780,528055,9060,0.23,715.42,3568.03,361.16,3177.26,120.0,158.39,166.77,705.94,1163.94,398.55,34.19,292.26,121805,406250,125289,247094,178832,227418,121805,105613,2969.6870833333337,13116.177083333336
0004030A635E,2021-11-30,30,8,20566,105201,11455,89475,4700,6483,5972,19993,34588,4128,460,87333,489677,9343,0.27,685.53,3506.7,381.83,2982.5,156.67,216.1,199.07,666.43,1152.93,137.6,15.33,311.43,116656,373021,115951,232607,161120,211901,116656,95245,2969.6870833333337,12696.277083333334
0004030A635E,2021-12-31,31,9,22374,116619,12134,121605,3588,7765,8003,22014,37759,4399,-1299,94031,532716,10043,0.29,721.74,3761.9,391.42,3922.74,115.74,250.48,258.16,710.13,1218.03,141.9,-41.9,323.97,128753,403963,151384,280137,198492,205471,128753,76718,2969.6870833333337,14022.257083333332
0004030A635E,2022-01-31,31,10,20253,107871,12059,102036,3937,8006,3708,22651,34405,10353,729,85269,482226,9830,0.32,653.32,3479.71,389.0,3291.48,127.0,258.26,119.61,730.68,1109.84,333.97,23.52,317.1,119930,362296,132693,252623,181503,180793,119930,60863,2969.6870833333337,13149.857083333334
0004030A635E,2022-02-28,28,11,19428,102049,12427,89383,4662,7459,6130,20896,33378,6492,858,81109,462573,9797,0.39,693.86,3644.61,443.82,3192.25,166.5,266.39,218.93,746.29,1192.07,231.86,30.64,349.89,114476,348097,117738,232214,165105,182992,114476,68516,2969.6870833333337,13452.937083333334
0004030A635E,2022-03-31,31,12,21307,112809,13150,105374,8020,8476,4182,24169,35621,7364,1003,88612,507321,9616,0.39,687.32,3639.0,424.19,3399.16,258.71,273.42,134.9,779.65,1149.06,237.55,32.35,310.19,125959,381362,138019,263978,189511,191851,125959,65892,2969.6870833333337,13607.867083333334
0004030A635E,2022-04-30,30,13,22148,119142,14446,110241,2605,6353,5143,23441,30266,10810,134,93932,527336,9684,0.43,738.27,3971.4,481.53,3674.7,86.83,211.77,171.43,781.37,1008.87,360.33,4.47,322.8,133588,393748,140035,273623,190559,203189,133588,69601,2969.6870833333337,14045.187083333332
0004030A635E,2022-05-31,31,14,22151,122865,14312,116396,5893,5206,5768,25448,35301,9172,1795,93021,527405,3578,0.45,714.55,3963.39,461.68,3754.71,190.1,167.94,186.06,820.9,1138.74,295.87,57.9,115.42,137177,390228,147050,284227,195407,194821,137177,57644,2969.6870833333337,14122.397083333333
0004030A635E,2022-06-30,30,15,22772,131394,14358,112217,7194,9872,3775,23345,38463,9218,1178,94661,542180,7097,0.5,759.07,4379.8,478.6,3740.57,239.8,329.07,125.83,778.17,1282.1,307.27,39.27,236.57,145752,396428,145434,291186,196668,199760,145752,54008,2969.6870833333337,14906.737083333335
0004030A635E,2022-07-31,31,16,22914,138606,14733,109078,3886,16581,6883,25839,37015,8776,550,94552,545566,8461,0.52,739.16,4471.16,475.26,3518.65,125.35,534.87,222.03,833.52,1194.03,283.1,17.74,272.94,153339,392227,151498,304837,202968,189259,153339,35920,2969.6870833333337,14918.337083333334
0004030A635E,2022-08-31,31,17,22775,138788,14935,114544,6343,8218,5940,23169,39706,9061,1349,97715,542271,14096,0.55,734.68,4477.03,481.77,3694.97,204.61,265.1,191.61,747.39,1280.84,292.29,43.52,454.71,153723,388548,145931,299654,205495,183053,153723,29330,2969.6870833333337,15103.527083333334
0004030A635E,2022-09-30,30,18,21993,136627,14270,105097,873,10095,5897,20939,38922,8146,1056,89188,523636,11561,0.6,733.1,4554.23,475.67,3503.23,29.1,336.5,196.57,697.97,1297.4,271.53,35.2,385.37,150897,372739,136131,287028,185657,187082,150897,36185,2969.6870833333337,14752.457083333336
0004030A635E,2022-10-31,31,19,23049,144264,15690,99936,5690,8517,3159,21957,38923,9403,2784,96550,548797,2653,0.61,743.52,4653.68,506.13,3223.74,183.55,274.74,101.9,708.29,1255.58,303.32,89.81,85.58,159954,388843,130410,290364,177148,211695,159954,51741,2969.6870833333337,14356.007083333334
0004030A635E,2022-11-30,30,20,22464,138574,14678,83997,8161,8453,5203,19786,36602,7721,118,95365,534861,6226,0.67,748.8,4619.13,489.27,2799.9,272.03,281.77,173.43,659.53,1220.07,257.37,3.93,207.53,153252,381609,112236,265488,162129,219480,153252,66228,2969.6870833333337,13953.647083333335
0004030A635E,2022-12-31,31,21,16839,147381,15281,104878,5838,12542,8828,19785,41028,10777,2234,111586,573462,8859,0.68,543.19,4754.23,492.94,3383.16,188.32,404.58,284.77,638.23,1323.48,347.65,72.06,285.77,162662,410800,137205,299867,190580,220220,162662,57558,2969.6870833333337,15144.877083333333
0004030A635E,2023-01-31,31,22,20546,131338,14219,103745,5117,11476,5359,24478,29757,9271,3574,71709,489188,11855,0.71,662.77,4236.71,458.68,3346.61,165.06,370.19,172.87,789.61,959.9,299.06,115.29,382.42,145557,343631,139699,285256,195421,148210,145557,2653,2969.6870833333337,14266.087083333336
0004030A635E,2023-02-28,28,23,19614,129344,12864,96576,3190,8453,3436,21689,33854,8239,946,77429,466990,3596,0.82,700.5,4619.43,459.43,3449.14,113.93,301.89,122.71,774.61,1209.07,294.25,33.79,128.43,142208,324782,126718,268926,165739,159043,142208,16835,2969.6870833333337,14476.367083333334
0004030A635E,2023-03-31,31,24,22452,143226,13304,110749,5730,11564,5077,25741,37184,10651,374,90020,534576,4090,0.77,724.26,4620.19,429.16,3572.55,184.84,373.03,163.77,830.35,1199.48,343.58,12.06,131.94,156530,378046,148054,304584,196428,181618,156530,25088,2969.6870833333337,14830.637083333333
0004030B92EE,2021-04-30,30,1,12894,66101,6988,64437,6442,4240,3533,12643,21111,10497,468,54544,307002,5852,0.03,429.8,2203.37,232.93,2147.9,214.73,141.33,117.77,421.43,703.7,349.9,15.6,195.07,73089,233913,81320,154409,121006,112907,73089,39818,1750.34375,8494.07375
0004030B92EE,2021-05-31,31,2,14828,76662,8082,70244,3834,4029,5363,13580,23506,8077,798,54122,353037,7038,0.06,478.32,2472.97,260.71,2265.94,123.68,129.97,173.0,438.06,758.26,260.55,25.74,227.03,84744,268293,87853,172597,127791,140502,84744,55758,1750.34375,8886.25375
0004030B92EE,2021-06-30,30,3,15024,75354,8490,81137,10831,4304,4869,15281,23771,6768,256,59691,357713,6851,0.1,500.8,2511.8,283.0,2704.57,361.03,143.47,162.3,509.37,792.37,225.6,8.53,228.37,83844,273869,100722,184566,145321,128548,83844,44704,1750.34375,9680.75375
0004030B92EE,2021-07-31,31,4,15534,80761,8067,76280,7036,4298,5217,15457,23950,10409,1327,63370,369867,7717,0.13,501.1,2605.19,260.23,2460.65,226.97,138.65,168.29,498.61,772.58,335.77,42.81,248.94,88828,281039,96035,184863,143275,137764,88828,48936,1750.34375,9509.03375
0004030B92EE,2021-08-31,31,5,13818,73078,7613,69098,4703,4163,5636,15488,21392,6958,878,57046,328995,7270,0.16,445.74,2357.35,245.58,2228.97,151.71,134.29,181.81,499.61,690.06,224.45,28.32,234.52,80691,248304,88749,169440,128012,120292,80691,39601,1750.34375,8727.013749999998
0004030B92EE,2021-09-30,30,6,13395,70831,7747,71039,6725,5862,4787,13195,23148,5575,-256,57061,318925,6694,0.2,446.5,2361.03,258.23,2367.97,224.17,195.4,159.57,439.83,771.6,185.83,-8.53,223.13,78578,240347,90096,168674,127016,113331,78578,34753,1750.34375,8928.57375
0004030B92EE,2021-10-31,31,7,14626,76609,8957,71068,5113,6663,4818,14197,24229,13987,1621,57557,348250,7850,0.23,471.81,2471.26,288.94,2292.52,164.94,214.94,155.42,457.97,781.58,451.19,52.29,253.23,85566,262684,91928,177494,139943,122741,85566,37175,1750.34375,9334.623749999999
0004030B92EE,2021-11-30,30,8,12626,69861,7553,62180,5800,7127,4052,12503,21849,5994,309,50486,300627,9599,0.27,420.87,2328.7,251.77,2072.67,193.33,237.57,135.07,416.77,728.3,199.8,10.3,319.97,77414,223213,81810,159224,120190,103023,77414,25609,1750.34375,8644.59375
0004030B92EE,2021-12-31,31,9,13641,73171,8230,80247,2102,7046,5764,13551,23355,6922,-1051,55225,324793,8089,0.29,440.03,2360.35,265.48,2588.61,67.81,227.29,185.94,437.13,753.39,223.29,-33.9,260.94,81401,243392,100844,182245,136311,107081,81401,25680,1750.34375,9086.67375
0004030B92EE,2022-01-31,31,10,11981,66615,6680,66100,3283,4823,3175,12866,21357,9819,302,45001,285271,8719,0.32,386.48,2148.87,215.48,2132.26,105.9,155.58,102.42,415.03,688.94,316.74,9.74,281.26,73295,211976,83789,157084,121068,90908,73295,17613,1750.34375,8322.563750000001
0004030B92EE,2022-02-28,28,11,12146,66505,7633,65344,7296,4291,4821,13197,21559,8300,72,48517,289183,7930,0.39,433.79,2375.18,272.61,2333.71,260.57,153.25,172.18,471.32,769.96,296.43,2.57,283.21,74138,215045,82832,156970,123397,91648,74138,17510,1750.34375,9141.33375
0004030B92EE,2022-03-31,31,12,13261,76445,9416,76498,5030,4913,2842,14700,22883,7970,1071,52064,315731,9539,0.39,427.77,2465.97,303.74,2467.68,162.26,158.48,91.68,474.19,738.16,257.1,34.55,307.71,85861,229870,96111,181972,135824,94046,85861,8185,1750.34375,9211.86375
0004030B92EE,2022-04-30,30,13,13066,73429,8459,71676,8298,4403,3206,13590,18596,11048,273,52809,311089,7231,0.43,435.53,2447.63,281.97,2389.2,276.6,146.77,106.87,453.0,619.87,368.27,9.1,241.03,81888,229201,89669,171557,132791,96410,81888,14522,1750.34375,9090.653750000001
0004030B92EE,2022-05-31,31,14,13384,79683,8103,74032,8142,4533,4705,14303,21934,9537,1471,54069,318680,2304,0.45,431.74,2570.42,261.39,2388.13,262.65,146.23,151.77,461.39,707.55,307.65,47.45,74.32,87786,230894,92868,180654,132411,98483,87786,10697,1750.34375,9129.29375
0004030B92EE,2022-06-30,30,15,12901,77104,8398,75611,5864,7915,4591,14846,22150,8236,264,48499,307161,6136,0.5,430.03,2570.13,279.93,2520.37,195.47,263.83,153.03,494.87,738.33,274.53,8.8,204.53,85502,221659,98372,183874,136364,85295,85502,-207,1750.34375,9454.16375
0004030B92EE,2022-07-31,31,16,13056,82864,8928,75383,4867,8745,3979,15227,22153,7603,177,41690,310868,5330,0.52,421.16,2673.03,288.0,2431.71,157.0,282.1,128.35,491.19,714.61,245.26,5.71,171.94,91792,219076,99355,191147,134367,84709,91792,-7083,1750.34375,9339.24375
0004030B92EE,2022-08-31,31,17,13096,86808,9254,74534,5519,5986,3745,15188,24478,8213,1155,53915,311810,10795,0.55,422.45,2800.26,298.52,2404.32,178.03,193.1,120.81,489.94,789.61,264.94,37.26,348.23,96062,215748,95708,191770,138231,77517,96062,-18545,1750.34375,9675.36375
0004030B92EE,2022-09-30,30,18,13548,84486,8624,68435,1370,7505,3596,13665,25744,9218,797,49694,322562,9436,0.6,451.6,2816.2,287.47,2281.17,45.67,250.17,119.87,455.5,858.13,307.27,26.57,314.53,93110,229452,89605,182715,127570,101882,93110,8772,1750.34375,9512.89375
0004030B92EE,2022-10-31,31,19,14086,88168,9293,71882,3040,8189,3468,14454,25170,9237,1161,54249,335377,2760,0.61,454.39,2844.13,299.77,2318.77,98.06,264.16,111.87,466.26,811.94,297.97,37.45,89.03,97461,237916,94525,191986,128277,109639,97461,12178,1750.34375,9389.75375
0004030B92EE,2022-11-30,30,20,13563,87224,8505,62468,5052,7025,5691,13619,23762,9017,178,52290,322924,6032,0.67,452.1,2907.47,283.5,2082.27,168.4,234.17,189.7,453.97,792.07,300.57,5.93,201.07,95729,227195,83112,178841,122645,104550,95729,8821,1750.34375,9369.463749999999
0004030B92EE,2022-12-31,31,21,9720,96282,10930,81098,1039,8018,7026,14101,25641,11028,357,60204,343807,5923,0.68,313.55,3105.87,352.58,2616.06,33.52,258.65,226.65,454.87,827.13,355.74,11.52,191.06,107212,236595,103217,210429,138310,98285,107212,-8927,1750.34375,10183.99375
0004030B92EE,2023-01-31,31,22,13125,86906,9235,70931,4461,7465,5293,14119,23056,8597,2216,45995,312494,8200,0.71,423.39,2803.42,297.9,2288.1,143.9,240.81,170.74,455.45,743.74,277.32,71.48,264.52,96141,216353,92515,188656,134407,81946,96141,-14195,1750.34375,9507.72375
0004030B92EE,2023-02-28,28,23,13196,88946,9906,73002,2687,7542,3227,15010,21343,9559,1453,48057,314202,2910,0.82,471.29,3176.64,353.79,2607.21,95.96,269.36,115.25,536.07,762.25,341.39,51.89,103.93,98852,215350,95554,194406,128586,86764,98852,-12088,1750.34375,10164.08375
0004030B92EE,2023-03-31,31,24,15358,98105,9563,84472,5689,8472,3290,16973,25664,11778,2048,61585,365658,6197,0.77,495.42,3164.68,308.48,2724.9,183.52,273.29,106.13,547.52,827.87,379.94,66.06,199.9,107668,257990,109917,217585,154277,103713,107668,-3955,1750.34375,10532.633749999999
0004030BEB57,2021-04-30,30,1,17682,90242,9634,85914,4689,4660,5070,17400,29308,15986,804,67400,420988,7677,0.03,589.4,3008.07,321.13,2863.8,156.3,155.33,169.0,580.0,976.93,532.87,26.8,255.9,99876,321112,107974,207850,159882,161230,99876,61354,2175.308333333333,11221.438333333334
0004030BEB57,2021-05-31,31,2,18686,96726,10280,97802,4534,4816,7717,18929,30624,12392,666,73514,444902,7903,0.06,602.77,3120.19,331.61,3154.9,146.26,155.35,248.94,610.61,987.87,399.74,21.48,254.94,107006,337896,121547,228553,173445,164451,107006,57445,2175.308333333333,11607.198333333332
0004030BEB57,2021-06-30,30,3,15603,79041,8866,90714,9592,5166,3576,17403,26592,10524,343,59219,371490,7727,0.1,520.1,2634.7,295.53,3023.8,319.73,172.2,119.2,580.1,886.4,350.8,11.43,257.57,87907,283583,113283,201190,160648,122935,87907,35028,2175.308333333333,10826.768333333332
0004030BEB57,2021-07-31,31,4,18070,92020,10312,80141,5432,6350,5186,16630,27718,14097,1864,72287,430230,8418,0.13,582.9,2968.39,332.65,2585.19,175.23,204.84,167.29,536.45,894.13,454.74,60.13,271.55,102332,327898,103121,205453,156188,171710,102332,69378,2175.308333333333,10825.89833333333
0004030BEB57,2021-08-31,31,5,17098,88607,9855,86685,4838,7620,6318,17847,27905,12449,609,70511,407093,8000,0.16,551.55,2858.29,317.9,2796.29,156.06,245.81,203.81,575.71,900.16,401.58,19.65,258.06,98462,308631,112152,210614,161464,147167,98462,48705,2175.308333333333,10908.628333333332
0004030BEB57,2021-09-30,30,6,16622,87146,9696,82139,8990,8039,5576,16477,30015,9461,442,64903,395770,7945,0.2,554.07,2904.87,323.2,2737.97,299.67,267.97,185.87,549.23,1000.5,315.37,14.73,264.83,96842,298928,106655,203497,155691,143237,96842,46395,2175.308333333333,11039.518333333332
0004030BEB57,2021-10-31,31,7,18173,92875,10605,87662,4270,7884,5303,17536,31743,19983,1828,74158,432695,9069,0.23,586.23,2995.97,342.1,2827.81,137.74,254.32,171.06,565.68,1023.97,644.61,58.97,292.55,103480,329215,113082,216562,171708,157507,103480,54027,2175.308333333333,11490.088333333331
0004030BEB57,2021-11-30,30,8,15573,82010,8838,75701,4223,8436,4679,15346,29765,9273,778,62144,370781,8455,0.27,519.1,2733.67,294.6,2523.37,140.77,281.2,155.97,511.53,992.17,309.1,25.93,281.83,90848,279933,99483,190331,142464,137469,90848,46621,2175.308333333333,10425.448333333334
0004030BEB57,2021-12-31,31,9,17866,94593,10083,105306,5275,7463,6021,17651,31438,8064,-769,72015,425371,9222,0.29,576.32,3051.39,325.26,3396.97,170.16,240.74,194.23,569.39,1014.13,260.13,-24.81,297.48,104676,320695,130420,235096,176099,144596,104676,39920,2175.308333333333,11670.37833333333
0004030BEB57,2022-01-31,31,10,15481,84010,9462,82884,2801,5681,4524,15849,28086,13455,1019,60774,368604,8446,0.32,499.39,2710.0,305.23,2673.68,90.35,183.26,145.94,511.26,906.0,434.03,32.87,272.45,93472,275132,104414,197886,150140,124992,93472,31520,2175.308333333333,10440.378333333332
0004030BEB57,2022-02-28,28,11,15069,80792,9890,76779,6006,5326,3969,15051,27565,11690,820,60069,358792,8427,0.39,538.18,2885.43,353.21,2742.11,214.5,190.21,141.75,537.54,984.46,417.5,29.29,300.96,90682,268110,97156,187838,143137,124973,90682,34291,2175.308333333333,10972.268333333332
0004030BEB57,2022-03-31,31,12,16343,90706,10976,93485,4098,6090,2832,18197,29103,11514,897,64795,389120,9335,0.39,527.19,2926.0,354.06,3015.65,132.19,196.45,91.35,587.0,938.81,371.42,28.94,301.13,101682,287438,117772,219454,162791,124647,101682,22965,2175.308333333333,11118.308333333332
0004030BEB57,2022-04-30,30,13,16891,93548,11345,91074,4797,6027,3593,18138,24398,11976,587,67670,402167,8927,0.43,563.03,3118.27,378.17,3035.8,159.9,200.9,119.77,604.6,813.27,399.2,19.57,297.57,104893,297274,115239,220132,162010,135264,104893,30371,2175.308333333333,11322.328333333333
0004030BEB57,2022-05-31,31,14,16126,93083,10454,90202,6177,4479,4442,17817,29611,15096,453,64776,383976,3682,0.45,520.19,3002.68,337.23,2909.74,199.26,144.48,143.29,574.74,955.19,486.97,14.61,118.77,103537,280439,112498,216035,158474,121965,103537,18428,2175.308333333333,11062.268333333333
0004030BEB57,2022-06-30,30,15,16883,99338,11133,91707,3707,4869,4456,17145,28168,13142,1770,67489,401974,6719,0.5,562.77,3311.27,371.1,3056.9,123.57,162.3,148.53,571.5,938.93,438.07,59.0,223.97,110471,291503,113721,224192,160398,131105,110471,20634,2175.308333333333,11580.448333333332
0004030BEB57,2022-07-31,31,16,16753,103499,11669,91499,4971,4036,4475,18866,27722,14183,859,67517,398870,8101,0.52,540.42,3338.68,376.42,2951.58,160.35,130.19,144.35,608.58,894.26,457.52,27.71,261.32,115168,283702,114401,229569,163743,119959,115168,4791,2175.308333333333,11526.268333333332
0004030BEB57,2022-08-31,31,17,15600,99045,10598,88424,6303,5216,4579,17928,28577,10487,1183,63930,371422,12191,0.55,503.23,3195.0,341.87,2852.39,203.32,168.26,147.71,578.32,921.84,338.29,38.16,393.26,109643,261779,111568,221211,161911,99868,109643,-9775,2175.308333333333,11353.728333333333
0004030BEB57,2022-09-30,30,18,15455,98908,10863,76235,4142,4657,3713,15343,29447,9935,1284,59216,367980,10156,0.6,515.17,3296.93,362.1,2541.17,138.07,155.23,123.77,511.43,981.57,331.17,42.8,338.53,109771,258209,96235,206006,140920,117289,109771,7518,2175.308333333333,10998.078333333333
0004030BEB57,2022-10-31,31,19,16330,101747,11661,82454,3348,5066,3558,15957,29066,11719,1004,67208,388808,2853,0.61,526.77,3282.16,376.16,2659.81,108.0,163.42,114.77,514.74,937.61,378.03,32.39,92.03,113408,275400,103477,216885,142289,133111,113408,19703,2175.308333333333,10834.428333333331
0004030BEB57,2022-11-30,30,20,15729,99236,10557,75243,8789,3997,2729,15678,26672,11476,-3,64375,374497,6230,0.67,524.3,3307.87,351.9,2508.1,292.97,133.23,90.97,522.6,889.07,382.53,-0.1,207.67,109793,264704,94918,204711,139868,124836,109793,15043,2175.308333333333,10862.118333333332
0004030BEB57,2022-12-31,31,21,12227,108507,13137,94509,1704,4989,6187,15246,39347,16172,-1144,81337,424685,6480,0.68,394.42,3500.23,423.77,3048.68,54.97,160.94,199.58,491.81,1269.26,521.68,-36.9,209.03,121644,303041,114744,236388,156370,146671,121644,25027,2175.308333333333,12018.358333333334
0004030BEB57,2023-01-31,31,22,15255,101713,10812,82894,3256,4278,4408,16168,28140,11189,2665,58308,363205,8236,0.71,492.1,3281.06,348.77,2674.0,105.03,138.0,142.19,521.55,907.74,360.94,85.97,265.68,112525,250680,103340,215865,148349,102331,112525,-10194,2175.308333333333,11006.238333333333
0004030BEB57,2023-02-28,28,23,15020,98547,11558,83338,3605,5253,3443,16454,27999,10646,608,56786,357611,2656,0.82,536.43,3519.54,412.79,2976.36,128.75,187.61,122.96,587.64,999.96,380.21,21.71,94.86,110105,247506,105045,215150,141023,106483,110105,-3622,2175.308333333333,11607.698333333332
0004030BEB57,2023-03-31,31,24,17368,110366,10063,94112,5267,5433,4094,18421,30603,14421,1761,68428,413521,7001,0.77,560.26,3560.19,324.61,3035.87,169.9,175.26,132.06,594.23,987.19,465.19,56.81,225.84,120429,293092,117966,238395,167878,125214,120429,4785,2175.308333333333,11902.458333333332
